<record><leader>00000cas a22000007a 4500</leader><controlfield tag="001">18121064</controlfield><controlfield tag="008">880622d18791970pauwr ne      0    0eng d</controlfield><datafield ind1=" " ind2=" " tag="010"><subfield code="a">sn 88079348 </subfield></datafield><datafield ind1=" " ind2=" " tag="040"><subfield code="a">NPH</subfield><subfield code="b">eng</subfield><subfield code="c">NPH</subfield><subfield code="d">OCLCQ</subfield><subfield code="d">UPM</subfield><subfield code="d">OCLCQ</subfield><subfield code="d">OCLCF</subfield></datafield><datafield ind1=" " ind2=" " tag="042"><subfield code="a">msc</subfield></datafield><datafield ind1=" " ind2=" " tag="043"><subfield code="a">n-us-pa</subfield></datafield><datafield ind1="0" ind2="4" tag="245"><subfield code="a">The Waterford leader.</subfield></datafield><datafield ind1=" " ind2=" " tag="260"><subfield code="a">Waterford, Pa. :</subfield><subfield code="b">A.F. Moses,</subfield><subfield code="c">-1970.</subfield></datafield><datafield ind1=" " ind2=" " tag="300"><subfield code="a">v. ;</subfield><subfield code="c">56 cm.</subfield></datafield><datafield ind1=" " ind2=" " tag="310"><subfield code="a">Weekly</subfield></datafield><datafield ind1="1" ind2=" " tag="362"><subfield code="a">Began in 1879?</subfield></datafield><datafield ind1="0" ind2=" " tag="362"><subfield code="a">-92nd yr., no. 5 (Jan. 29, 1970).</subfield></datafield><datafield ind1=" " ind2=" " tag="500"><subfield code="a">Publisher: Harry L. Merritt, &lt;1924&gt;; Brown-Thompson Newspapers, &lt;1960&gt;.</subfield></datafield><datafield ind1=" " ind2=" " tag="588"><subfield code="a">Description based on: Vol. 3, no. 7 (Feb. 19, 1880).</subfield></datafield><datafield ind1=" " ind2="0" tag="651"><subfield code="a">Waterford (Erie County, Pa.)</subfield><subfield code="v">Newspapers.</subfield></datafield><datafield ind1=" " ind2="7" tag="655"><subfield code="a">Newspapers.</subfield><subfield code="2">fast</subfield><subfield code="0">(OCoLC)fst01423814</subfield></datafield><datafield ind1=" " ind2="7" tag="651"><subfield code="a">Pennsylvania</subfield><subfield code="z">Waterford (Erie County)</subfield><subfield code="2">fast</subfield><subfield code="0">(OCoLC)fst01313280</subfield></datafield><datafield ind1=" " ind2=" " tag="752"><subfield code="a">United States</subfield><subfield code="b">Pennsylvania</subfield><subfield code="c">Erie</subfield><subfield code="d">Waterford.</subfield></datafield><datafield ind1="0" ind2="0" tag="780"><subfield code="t">Waterford astonisher</subfield><subfield code="w">(OCoLC)300455876</subfield></datafield><datafield ind1="0" ind2="7" tag="785"><subfield code="t">Union City times (Union City, Pa. : 1966)</subfield><subfield code="w">(DLC)sn 89077047</subfield><subfield code="w">(OCoLC)19099749</subfield></datafield><datafield ind1="0" ind2="7" tag="785"><subfield code="t">Times-leader (Union City, Pa.)</subfield><subfield code="w">(DLC)sn 89077046</subfield><subfield code="w">(OCoLC)19099701</subfield></datafield></record>